%% This BibTeX bibliography file was created using BibDesk.
%% http://bibdesk.sourceforge.net/


%% Created for bravesheng at 2013-08-29 17:32:16 +0800 


%% Saved with string encoding Unicode (UTF-8) 


@comment{jabref-meta: selector_publisher:}
@comment{jabref-meta: selector_author:}
@comment{jabref-meta: selector_journal:}
@comment{jabref-meta: selector_keywords:}



@misc{source-code,
	Author = {Cheng-Sheng Chien},
	Date-Added = {2013-08-29 09:28:43 +0000},
	Date-Modified = {2013-08-29 09:30:59 +0000},
	Howpublished = {https://github.com/wasn-lab/},
	Title = {A Visual-based Positioning System Source Code},
	Year = {2013}}

@inproceedings{chen2011city,
	Author = {Chen, David M and Baatz, Georges and Koser, K and Tsai, Sam S and Vedantham, Ramakrishna and Pylvanainen, Timo and Roimela, Kimmo and Chen, Xin and Bach, Jeff and Pollefeys, Marc and others},
	Booktitle = {Computer Vision and Pattern Recognition (CVPR), 2011 IEEE Conference on},
	Date-Added = {2013-08-21 06:37:00 +0000},
	Date-Modified = {2013-08-21 06:37:00 +0000},
	Organization = {IEEE},
	Pages = {737--744},
	Title = {City-scale landmark identification on mobile devices},
	Year = {2011}}

@article{bilton2012behind,
	Author = {Bilton, Nick},
	Date-Added = {2013-08-21 06:21:49 +0000},
	Date-Modified = {2013-08-21 06:21:49 +0000},
	Journal = {Published: February},
	Title = {Behind the Google Goggles, Virtual Reality},
	Volume = {22},
	Year = {2012}}

@inproceedings{jin2011robust,
	Author = {Jin, Yunye and Toh, Hong-Song and Soh, Wee-Seng and Wong, Wai-Choong},
	Booktitle = {Pervasive Computing and Communications (PerCom), 2011 IEEE International Conference on},
	Date-Added = {2013-08-13 10:00:36 +0000},
	Date-Modified = {2013-08-13 10:00:36 +0000},
	Organization = {IEEE},
	Pages = {222--230},
	Title = {A robust dead-reckoning pedestrian tracking system with low cost sensors},
	Year = {2011}}

@misc{complementary-filter,
	Author = {Paul C. Glasser},
	Date-Added = {2013-08-06 14:46:01 +0000},
	Date-Modified = {2013-08-06 14:48:54 +0000},
	Howpublished = {http://www.glassercommunications.com/paul/samples.htm},
	Title = {An Introduction to the Use of Complementary An Introduction to the Use of Complementary Filters for Fusion of Sensor Data}}

@article{bernstein1998introduction,
	Author = {Bernstein, David and Kornhauser, Alain},
	Date-Added = {2013-07-23 03:51:44 +0000},
	Date-Modified = {2013-07-23 03:51:44 +0000},
	Title = {An introduction to map matching for personal navigation assistants},
	Year = {1998}}

@misc{mackintosh2012zxing,
	Author = {Mackintosh, Alasdair and Martin, Alexander and Brown, Brian and Brunschen, Christian and Daniel, S},
	Date-Added = {2013-07-23 03:46:22 +0000},
	Date-Modified = {2013-07-23 03:46:22 +0000},
	Title = {Zxing, open source library to read 1D/2D barcodes},
	Year = {2012}}

@article{developers2013adt,
	Author = {Developers, Android},
	Date-Added = {2013-07-23 03:45:24 +0000},
	Date-Modified = {2013-07-23 04:05:00 +0000},
	Journal = {URl: http://developer.android.com/tools/},
	Title = {Android Developer Tools (ADT) plugin for Eclipse},
	Year = {2013}}

@article{bekkelien2012bluetooth,
	Author = {Bekkelien, Anja and Deriaz, Michel and Marchand-Maillet, St{\'e}phane},
	Date-Added = {2013-07-22 15:28:37 +0000},
	Date-Modified = {2013-07-22 15:28:37 +0000},
	Title = {Bluetooth Indoor Positioning},
	Year = {2012}}

@misc{racoma2013indooratlas,
	Author = {Racoma, J Angelo},
	Date-Added = {2013-07-22 15:26:26 +0000},
	Date-Modified = {2013-07-22 15:26:26 +0000},
	Title = {Indooratlas uses magnetic fields for location-awareness in buildings and large structures},
	Year = {2013}}

@misc{ganick2013light,
	Author = {Ganick, Aaron and Ryan, Daniel},
	Date-Added = {2013-07-22 15:23:50 +0000},
	Date-Modified = {2013-07-22 15:23:50 +0000},
	Month = jan # {~31},
	Note = {US Patent 20,130,028,475},
	Title = {LIGHT POSITIONING SYSTEM USING DIGITAL PULSE RECOGNITION},
	Year = {2013}}

@misc{staats2013method,
	Author = {Staats, Peter and Sumner, Rob and Ryan, Daniel},
	Date-Added = {2013-07-22 15:23:32 +0000},
	Date-Modified = {2013-07-22 15:23:32 +0000},
	Month = jan # {~31},
	Note = {US Patent 20,130,027,528},
	Title = {METHOD AND SYSTEM FOR VIDEO PROCESSING TO DETERMINE DIGITAL PULSE RECOGNITION TONES},
	Year = {2013}}

@inproceedings{ferris2007wifi,
	Author = {Ferris, Brian and Fox, Dieter and Lawrence, Neil D},
	Booktitle = {IJCAI},
	Date-Added = {2013-07-22 15:21:48 +0000},
	Date-Modified = {2013-07-22 15:21:48 +0000},
	Pages = {2480--2485},
	Title = {WiFi-SLAM Using Gaussian Process Latent Variable Models.},
	Volume = {7},
	Year = {2007}}

@article{mulloni2009indoor,
	Author = {Mulloni, Alessandro and Wagner, Daniel and Barakonyi, Istvan and Schmalstieg, Dieter},
	Date-Added = {2013-07-22 09:10:53 +0000},
	Date-Modified = {2013-07-22 09:10:53 +0000},
	Journal = {Pervasive Computing, IEEE},
	Number = {2},
	Pages = {22--31},
	Publisher = {IEEE},
	Title = {Indoor positioning and navigation with camera phones},
	Volume = {8},
	Year = {2009}}

@inproceedings{kawaji2010image,
	Author = {Kawaji, H and Hatada, K and Yamasaki, T and Aizawa, K},
	Booktitle = {Virtual Systems and Multimedia (VSMM), 2010 16th International Conference on},
	Date-Added = {2013-07-22 09:10:11 +0000},
	Date-Modified = {2013-07-22 09:10:11 +0000},
	Organization = {IEEE},
	Pages = {105--111},
	Title = {An image-based indoor positioning for digital museum applications},
	Year = {2010}}

@article{hile2008positioning,
	Author = {Hile, Harlan and Borriello, Gaetano},
	Date-Added = {2013-07-22 09:09:09 +0000},
	Date-Modified = {2013-07-22 09:09:09 +0000},
	Journal = {Computer Graphics and Applications, IEEE},
	Number = {4},
	Pages = {32--39},
	Publisher = {IEEE},
	Title = {Positioning and orientation in indoor environments using camera phones},
	Volume = {28},
	Year = {2008}}

@book{milette2012professional,
	Author = {Milette, Greg and Stroud, Adam},
	Date-Added = {2013-07-22 07:45:28 +0000},
	Date-Modified = {2013-07-22 07:45:28 +0000},
	Publisher = {Wiley. com},
	Title = {Professional Android sensor programming},
	Year = {2012}}

@article{colton2007balance,
	Author = {Colton, Shane and Mentor, FRC},
	Date-Added = {2013-07-22 07:41:43 +0000},
	Date-Modified = {2013-07-22 07:41:43 +0000},
	Journal = {Presentation, Massachusetts Institute of Technology},
	Title = {The balance filter},
	Year = {2007}}

@article{holcikindoor,
	Author = {Holc{\'\i}k, Michal},
	Date-Added = {2013-07-21 13:50:03 +0000},
	Date-Modified = {2013-07-21 13:50:03 +0000},
	Title = {Indoor Navigation for Android},
	Bdsk-File-1 = {YnBsaXN0MDDUAQIDBAUGJCVYJHZlcnNpb25YJG9iamVjdHNZJGFyY2hpdmVyVCR0b3ASAAGGoKgHCBMUFRYaIVUkbnVsbNMJCgsMDxJXTlMua2V5c1pOUy5vYmplY3RzViRjbGFzc6INDoACgAOiEBGABIAFgAdccmVsYXRpdmVQYXRoWWFsaWFzRGF0YV8QOy4uLy4uLy4uL0Rvd25sb2Fkcy9wYXBlcnMvSW5kb29yIE5hdmlnYXRpb24gZm9yIEFuZHJvaWQucGRm0hcLGBlXTlMuZGF0YU8RAc4AAAAAAc4AAgAABk1haW5IRAAAAAAAAAAAAAAAAAAAAAAAAAAAAMySkKhIKwAAAgkykR9JbmRvb3IgTmF2aWdhdGlvbiBmIzIxODUxMjIucGRmAAAAAAAAAAAAAAAAAAAAAAAAAAAAAAAAAAAAAAAAAAACGFEizhIFhgAAAAAAAAAAAAMAAwAACSAAAAAAAAAAAAAAAAAAAAAGcGFwZXJzABAACAAAzJIgKAAAABEACAAAzhGVBgAAAAEAEAIJMpEAFfddAA770AAO+80AAgBMTWFpbkhEOlVzZXJzOgBicmF2ZXNoZW5nOgBEb3dubG9hZHM6AHBhcGVyczoASW5kb29yIE5hdmlnYXRpb24gZiMyMTg1MTIyLnBkZgAOAEQAIQBJAG4AZABvAG8AcgAgAE4AYQB2AGkAZwBhAHQAaQBvAG4AIABmAG8AcgAgAEEAbgBkAHIAbwBpAGQALgBwAGQAZgAPAA4ABgBNAGEAaQBuAEgARAASAENVc2Vycy9icmF2ZXNoZW5nL0Rvd25sb2Fkcy9wYXBlcnMvSW5kb29yIE5hdmlnYXRpb24gZm9yIEFuZHJvaWQucGRmAAATAAEvAAAVAAIAEf//AACABtIbHB0eWiRjbGFzc25hbWVYJGNsYXNzZXNdTlNNdXRhYmxlRGF0YaMdHyBWTlNEYXRhWE5TT2JqZWN00hscIiNcTlNEaWN0aW9uYXJ5oiIgXxAPTlNLZXllZEFyY2hpdmVy0SYnVHJvb3SAAQAIABEAGgAjAC0AMgA3AEAARgBNAFUAYABnAGoAbABuAHEAcwB1AHcAhACOAMwA0QDZAqsCrQKyAr0CxgLUAtgC3wLoAu0C+gL9Aw8DEgMXAAAAAAAAAgEAAAAAAAAAKAAAAAAAAAAAAAAAAAAAAxk=}}

@url{wiki-angle-of-view,
	Author = {wikipedia},
	Date-Added = {2013-07-21 13:19:59 +0000},
	Date-Modified = {2013-07-21 13:24:34 +0000},
	Title = {Angle of View},
	Url = {http://en.wikipedia.org/wiki/Angle_of_view},
	Urldate = {http://en.wikipedia.org/wiki/Angle_of_view},
	Bdsk-Url-1 = {http://en.wikipedia.org/wiki/Angle_of_view}}

@url{wiki-taipei101,
	Author = {wikipedia},
	Date-Modified = {2013-07-22 11:56:35 +0000},
	Title = {Taipei 101},
	Url = {http://en.wikipedia.org/wiki/Taipei_101},
	Bdsk-Url-1 = {http://en.wikipedia.org/wiki/Taipei_101}}

@url{wiki-rotation-matrix,
	Author = {wikipedia},
	Date-Modified = {2013-07-21 13:31:46 +0000},
	Title = {Rotation Matrix},
	Url = {http://en.wikipedia.org/wiki/Rotation_matrix},
	Bdsk-Url-1 = {http://en.wikipedia.org/wiki/Rotation_matrix}}

@misc{android-sensors-apis,
	Author = {Developers, Android},
	Date-Modified = {2013-07-23 04:18:24 +0000},
	Howpublished = {\url{http://developer.android.com/guide/topics/sensors/sensors_overview.html}},
	Journal = {URl: http://developer.android.com/guide/topics/sensors/sensors_overview.html},
	Title = {Sensors Overview | Android Developers},
	Year = {2013}}

@url{wiki-projection,
	Author = {wikipedia},
	Date-Modified = {2013-07-21 13:33:53 +0000},
	Title = {Orthographic projection},
	Url = {http://en.wikipedia.org/wiki/Orthographic_projection},
	Bdsk-Url-1 = {http://en.wikipedia.org/wiki/Projection_(linear_algebra)}}

@url{wiki-spherical-coordinate-system,
	Author = {wikipedia},
	Date-Modified = {2013-07-22 11:56:28 +0000},
	Title = {Spherical coordinate system},
	Url = {http://en.wikipedia.org/wiki/Spherical_coordinate_system},
	Bdsk-Url-1 = {http://en.wikipedia.org/wiki/Spherical_coordinate_system}}

@url{wiki-sma,
	Author = {wikipedia},
	Date-Modified = {2013-07-22 11:56:21 +0000},
	Title = {Simple Moving Average},
	Url = {https://en.wikipedia.org/wiki/Moving_average},
	Bdsk-Url-1 = {https://en.wikipedia.org/wiki/Moving_average}}
